<?xml version="1.0" encoding="UTF-8"?><collection xmlns="http://www.loc.gov/MARC21/slim"><record><leader>00459nam--2200145-i-4500</leader><controlfield tag="001">000040235</controlfield><controlfield tag="002">20161230</controlfield><controlfield tag="005">20161230201042</controlfield><controlfield tag="008">060222s1000------------r-----000-0-eng-d</controlfield><datafield ind1=" " ind2=" " tag="080"><subfield code="a">517.958:621.039.51.12(043)</subfield></datafield><datafield ind1=" " ind2=" " tag="100"><subfield code="a">Sanchez,Richard</subfield></datafield><datafield ind1=" " ind2=" " tag="245"><subfield code="a">Schemas approaches de resolutions de l`equation integrale du transport a deux dimensions. these</subfield></datafield><datafield ind1=" " ind2=" " tag="260"><subfield code="a">Orsay, Univ.De Paris-sud, 1979. V+884 P</subfield></datafield><datafield ind1=" " ind2=" " tag="852"><subfield code="a">49802</subfield><subfield code="c">517.9</subfield></datafield><datafield ind1=" " ind2=" " tag="CAT"><subfield code="a">Sys</subfield><subfield code="c">20090325</subfield><subfield code="h">122008</subfield></datafield></record></collection>